@inproceedings {246316,
	title = {NetTLP: A Development Platform for PCIe devices in Software Interacting with Hardware},
	booktitle = {17th {USENIX} Symposium on Networked Systems Design and Implementation ({NSDI} 20)},
	year = {2020},
	address = {Santa Clara, CA},
	url = {https://www.usenix.org/conference/nsdi20/presentation/kuga},
	publisher = {{USENIX} Association},
	month = feb,
}

https://access.redhat.com/documentation/ja-jp/red_hat_enterprise_linux/7/html/kernel_administration_guide/kernel_crash_dump_guide
